@article{bohn2019young,
  title={Young children spontaneously recreate core properties of language in a new modality},
  author={Bohn, Manuel and Kachel, Gregor and Tomasello, Michael},
  journal={Proceedings of the National Academy of Sciences},
  volume={116},
  number={51},
  pages={26072--26077},
  year={2019},
  publisher={National Acad Sciences}
}

@Manual{R-base,
  title = {R: A Language and Environment for Statistical Computing},
  author = {{R Core Team}},
  organization = {R Foundation for Statistical Computing},
  address = {Vienna, Austria},
  year = {2018},
  url = {https://www.R-project.org/},
}

 @Manual{R-papaja,
    author = {Frederik Aust and Marius Barth},
    title = {{papaja}: {Create} {APA} manuscripts with {R Markdown}},
    year = {2020},
    note = {R package version 0.1.0.9997},
    url = {https://github.com/crsh/papaja},
  }

@book{dobson2008introduction,
  title={An introduction to generalized linear models},
  author={Dobson, Annette J and Barnett, Adrian},
  year={2008},
  publisher={CRC press}
}

@Article{R-lme4,
  title = {Fitting Linear Mixed-Effects Models Using {lme4}},
  author = {Douglas Bates and Martin M{\"a}chler and Ben Bolker and Steve Walker},
  journal = {Journal of Statistical Software},
  year = {2015},
  volume = {67},
  number = {1},
  pages = {1--48},
  doi = {10.18637/jss.v067.i01},
}

@Manual{R-tidyverse,
  title = {tidyverse: Easily Install and Load the 'Tidyverse'},
  author = {Hadley Wickham},
  year = {2017},
  note = {R package version 1.2.1},
  url = {https://CRAN.R-project.org/package=tidyverse},
}


@article{Goddu2020Transformations,
 author={Goddu, Mariel K. and Lombrozo, Tania and Gopnik, Alison},
 title={Transformations and Transfer: Preschool Children Understand Abstract Relations and Reason Analogically in a Causal Task},
 journal={Child Development},
 volume={91},
 number={6},
 pages={1898-1915},
 year={2020},
 doi={10.1111/cdev.13412},
 publisher={Society for Research in Child Development},
}

@article{Son2011Connecting,
 author={Son, Ji Y. and Smith, Linda B. and Goldstone, Robert L.},
 title={Connecting instances to promote children’s relational reasoning},
 journal={Journal of Experimental Child Psychology},
 volume={108},
 pages={260-277},
 year={2011},
 doi={10.1016/j.jecp.2010.08.011},
 publisher={Elsevier},
}

@article{christie2014language,
 author={Christie, Stella and Gentner, Dedre},
 title={Language Helps Children Succeed on a ClassicAnalogy Task},
 journal={Cognitive Science},
 volume={38},
 pages={383-397},
 year={2014},
 doi={10.1111/cogs.12099},
 publisher={Cognitive Science Society},
}

@article{Kroupin2021Starting,
 author={Kroupin, Ivan and Susan Carey},
 title={Starting points matter: Dimensions on which stimuli vary determines whether four-year-olds engage in relational reasoning},
 journal={},
 volume={},
 pages={},
 year={in press},
 doi={},
 publisher={},
}

@article{simmons201221,
  title={A 21 word solution},
  author={Simmons, Joseph P and Nelson, Leif D and Simonsohn, Uri},
  journal={Available at SSRN 2160588},
  year={2012}
}

@article{faul2007g,
  title={G* Power 3: A flexible statistical power analysis program for the social, behavioral, and biomedical sciences},
  author={Faul, Franz and Erdfelder, Edgar and Lang, Albert-Georg and Buchner, Axel},
  journal={Behavior research methods},
  volume={39},
  number={2},
  pages={175--191},
  year={2007},
  publisher={Springer}
}

@article{gwet2002kappa,
  title={Kappa statistic is not satisfactory for assessing the extent of agreement between raters},
  author={Gwet, Kilem},
  journal={Statistical methods for inter-rater reliability assessment},
  volume={1},
  number={6},
  pages={1--6},
  year={2002}
}

@article{honda2020homogeneity,
  title={Homogeneity score test of AC 1 statistics and estimation of common AC 1 in multiple or stratified inter-rater agreement studies},
  author={Honda, Chikara and Ohyama, Tetsuji},
  journal={BMC medical research methodology},
  volume={20},
  number={1},
  pages={20},
  year={2020},
  publisher={Springer}
}

@article{smith2021dissociative,
  title={A dissociative framework for understanding same-different conceptualization},
  author={Smith, J David and Church, Barbara A},
  journal={Current Opinion in Behavioral Sciences},
  volume={37},
  pages={13--18},
  year={2021},
  publisher={Elsevier}
}

@article{brand2021analogy,
  title={Analogy as a Catalyst for Cumulative Cultural Evolution},
  author={Brand, CO and Mesoudi, A and Smaldino, PE},
  journal={Trends in Cognitive Sciences},
  year={2021},
  publisher={Elsevier}
}

@article{deloache1997credible,
  title={The credible shrinking room: Very young children's performance with symbolic and nonsymbolic relations},
  author={DeLoache, Judy S and Miller, Kevin F and Rosengren, Karl S},
  journal={Psychological Science},
  volume={8},
  number={4},
  pages={308--313},
  year={1997},
  publisher={SAGE Publications Sage CA: Los Angeles, CA}
}

@article{halford1998processing,
  title={Processing capacity defined by relational complexity: Implications for comparative, developmental, and cognitive psychology},
  author={Halford, Graeme S and Wilson, William H and Phillips, Steven},
  journal={Behavioral and brain sciences},
  volume={21},
  number={6},
  pages={803--831},
  year={1998},
  publisher={Cambridge University Press}
}

@article{premack1983codes,
  title={The codes of man and beasts},
  author={Premack, David},
  journal={Behavioral and Brain Sciences},
  volume={6},
  number={1},
  pages={125--136},
  year={1983},
  publisher={Cambridge University Press}
}

@article{hochmann2017children,
  title={Children’s representation of abstract relations in relational/array match-to-sample tasks},
  author={Hochmann, Jean-R{\'e}my and Tuerk, Arin S and Sanborn, Sophia and Zhu, Rebecca and Long, Robert and Dempster, Meg and Carey, Susan},
  journal={Cognitive psychology},
  volume={99},
  pages={17--43},
  year={2017},
  publisher={Elsevier}
}

