@Manual{R-base,
  title = {R: A Language and Environment for Statistical Computing},
  author = {{R Core Team}},
  organization = {R Foundation for Statistical Computing},
  address = {Vienna, Austria},
  year = {2020},
  url = {https://www.R-project.org/},
}
@Manual{R-dplyr,
  title = {dplyr: A Grammar of Data Manipulation},
  author = {Hadley Wickham and Romain François and Lionel {
             Henry} and Kirill Müller},
  year = {2020},
  note = {R package version 1.0.2},
  url = {https://CRAN.R-project.org/package=dplyr},
}
@Manual{R-forcats,
  title = {forcats: Tools for Working with Categorical Variables (Factors)},
  author = {Hadley Wickham},
  year = {2020},
  note = {R package version 0.5.0},
  url = {https://CRAN.R-project.org/package=forcats},
}
@Book{R-ggplot2,
  author = {Hadley Wickham},
  title = {ggplot2: Elegant Graphics for Data Analysis},
  publisher = {Springer-Verlag New York},
  year = {2016},
  isbn = {978-3-319-24277-4},
  url = {https://ggplot2.tidyverse.org},
}
@Manual{R-papaja,
  author = {Frederik Aust and Marius Barth},
  title = {{papaja}: {Create} {APA} manuscripts with {R Markdown}},
  year = {2020},
  note = {R package version 0.1.0.9997},
  url = {https://github.com/crsh/papaja},
}
@Manual{R-purrr,
  title = {purrr: Functional Programming Tools},
  author = {Lionel Henry and Hadley Wickham},
  year = {2020},
  note = {R package version 0.3.4},
  url = {https://CRAN.R-project.org/package=purrr},
}
@Manual{R-readr,
  title = {readr: Read Rectangular Text Data},
  author = {Hadley Wickham and Jim Hester and Romain Francois},
  year = {2018},
  note = {R package version 1.3.1},
  url = {https://CRAN.R-project.org/package=readr},
}
@Manual{R-stringr,
  title = {stringr: Simple, Consistent Wrappers for Common String Operations},
  author = {Hadley Wickham},
  year = {2019},
  note = {R package version 1.4.0},
  url = {https://CRAN.R-project.org/package=stringr},
}
@Manual{R-tibble,
  title = {tibble: Simple Data Frames},
  author = {Kirill Müller and Hadley Wickham},
  year = {2020},
  note = {R package version 3.0.4},
  url = {https://CRAN.R-project.org/package=tibble},
}
@Manual{R-tidyr,
  title = {tidyr: Tidy Messy Data},
  author = {Hadley Wickham and Lionel Henry},
  year = {2020},
  note = {R package version 1.1.1},
  url = {https://CRAN.R-project.org/package=tidyr},
}
@Article{R-tidyverse,
  title = {Welcome to the {tidyverse}},
  author = {Hadley Wickham and Mara Averick and Jennifer Bryan and Winston Chang and Lucy D'Agostino McGowan and Romain François and Garrett Grolemund and Alex Hayes and Lionel Henry and Jim Hester and Max Kuhn and Thomas Lin Pedersen and Evan Miller and Stephan Milton Bache and Kirill Müller and Jeroen Ooms and David Robinson and Dana Paige Seidel and Vitalie Spinu and Kohske Takahashi and Davis Vaughan and Claus Wilke and Kara Woo and Hiroaki Yutani},
  year = {2019},
  journal = {Journal of Open Source Software},
  volume = {4},
  number = {43},
  pages = {1686},
  doi = {10.21105/joss.01686},
}
@Manual{R-beeswarm,
  title = {beeswarm: The Bee Swarm Plot, an Alternative to Stripchart},
  author = {Aron Eklund},
  year = {2016},
  note = {R package version 0.2.3},
  url = {https://CRAN.R-project.org/package=beeswarm},
}
@Article{R-lme4,
  title = {Fitting Linear Mixed-Effects Models Using {lme4}},
  author = {Douglas Bates and Martin M{\"a}chler and Ben Bolker and Steve Walker},
  journal = {Journal of Statistical Software},
  year = {2015},
  volume = {67},
  number = {1},
  pages = {1--48},
  doi = {10.18637/jss.v067.i01},
}
@Manual{R-Matrix,
  title = {Matrix: Sparse and Dense Matrix Classes and Methods},
  author = {Douglas Bates and Martin Maechler},
  year = {2019},
  note = {R package version 1.2-18},
  url = {https://CRAN.R-project.org/package=Matrix},
}
@Manual{R-afex,
  title = {afex: Analysis of Factorial Experiments},
  author = {Henrik Singmann and Ben Bolker and Jake Westfall and Frederik Aust and Mattan S. Ben-Shachar},
  year = {2021},
  note = {R package version 0.28-1},
  url = {https://CRAN.R-project.org/package=afex},
}
@Manual{R-lsr,
  title = {Learning statistics with R: A tutorial for psychology students and other beginners. (Version 0.5)},
  author = {Daniel Navarro},
  organization = {University of Adelaide},
  address = {Adelaide, Australia},
  year = {2015},
  note = {R package version 0.5},
  url = {http://ua.edu.au/ccs/teaching/lsr},
}
@Manual{R-scales,
  title = {scales: Scale Functions for Visualization},
  author = {Hadley Wickham and Dana Seidel},
  year = {2020},
  note = {R package version 1.1.1},
  url = {https://CRAN.R-project.org/package=scales},
}
@Article{R-parameters,
  title = {parameters: Extracting, Computing and Exploring the Parameters of Statistical Models using {R}.},
  volume = {5},
  doi = {10.21105/joss.02445},
  number = {53},
  journal = {Journal of Open Source Software},
  author = {Daniel Lüdecke and Mattan S. Ben-Shachar and Indrajeet Patil and Dominique Makowski},
  year = {2020},
  pages = {2445},
}
@Manual{R-irr,
  title = {irr: Various Coefficients of Interrater Reliability and Agreement},
  author = {Matthias Gamer and Jim Lemon and Ian Fellows Puspendra Singh <puspendra.pusp22@gmail.com>},
  year = {2019},
  note = {R package version 0.84.1},
  url = {https://CRAN.R-project.org/package=irr},
}
@Manual{R-lpSolve,
  title = {lpSolve: Interface to 'Lp_solve' v. 5.5 to Solve Linear/Integer Programs},
  author = {Michel Berkelaar and others},
  year = {2020},
  note = {R package version 5.6.15},
  url = {https://CRAN.R-project.org/package=lpSolve},
}
@Manual{R-irrCAC,
  title = {irrCAC: Computing Chance-Corrected Agreement Coefficients (CAC)},
  author = {Kilem L. Gwet and {Ph.D.}},
  year = {2019},
  note = {R package version 1.0},
  url = {https://CRAN.R-project.org/package=irrCAC},
}
