@article{callaghan1999early,
  title={Early understanding and production of graphic symbols},
  author={Callaghan, Tara C.},
  journal={Child Development},
  volume={70},
  number={6},
  pages={1314--1324},
  year={1999},
  publisher={Wiley}
}

@article{callaghan2000factors,
  title={Factors affecting children's graphic symbol use in the third year: Language, similarity, and iconicity},
  author={Callaghan, Tara C.},
  journal={Cognitive Development},
  volume={15},
  number={2},
  pages={185--214},
  year={2000},
  publisher={Elsevier}
}

@incollection{callaghan2008origins,
  title={The origins and development of pictorial symbolic functioning},
  author={Callaghan, Tara C.},
  booktitle={Children's understanding and production of pictures, drawings, and art},
  editor={Milbrath, Constance and Trautner, Hanns-Martin},
  pages={21--32},
  year={2008},
  publisher={Hogrefe & Huber},
  address={Cambridge, MA}
}

@incollection{callaghan2013symbols,
  title={Symbols and symbolic thought},
  author={Callaghan, Tara C.},
  booktitle={The Oxford Handbook of Developmental Psychology: Vol. 1. Body and Mind},
  editor={Zelazo, Philip D.},
  pages={974--1005},
  year={2013},
  publisher={Oxford University Press},
  address={New York, NY}
}

@unpublished{callaghan2014developing,
  title={Developing pictorial symbol understanding in 18- to 36-month-olds},
  author={Callaghan, Tara and Coutts, Emma and Dewhirst, Penelope and Zeitner, Beatrix},
  note={Manuscript submitted for publication},
  year={2014}
}

@article{callaghan2011early,
  title={Early social cognition in three cultural contexts},
  author={Callaghan, Tara and Moll, Henrike and Rakoczy, Hannes and Warneken, Felix and Liszkowski, Ulf and Behne, Tanya and Tomasello, Michael},
  journal={Monographs of the Society for Research in Child Development},
  volume={76},
  number={2},
  pages={1--142},
  year={2011},
  publisher={Wiley}
}

@article{callaghan2002evidence,
  title={Evidence of graphic symbol functioning and the question of domain specificity: A longitudinal training study},
  author={Callaghan, Tara C. and Rankin, Monica},
  journal={Child Development},
  volume={73},
  number={2},
  pages={359--376},
  year={2002},
  publisher={Wiley}
}

@incollection{callaghan2008artist,
  title={Children's understanding of artist-picture relations: Implications for their theories of pictures},
  author={Callaghan, Tara C. and Rochat, Philippe},
  booktitle={Children's understanding and production of pictures, drawings, and art},
  editor={Milbrath, Constance and Trautner, Hanns-Martin},
  pages={187--205},
  year={2008},
  publisher={Hogrefe & Huber},
  address={Cambridge, MA}
}

@article{callaghan2011young,
  title={Young children's knowledge of the representational function of pictorial symbols: Development across the preschool years in three cultures},
  author={Callaghan, Tara and Rochat, Philippe and Corbit, John},
  journal={Journal of Cognition and Development},
  volume={13},
  number={3},
  pages={320--353},
  year={2011},
  publisher={Taylor & Francis}
}

@article{callaghan2004social,
  title={The social construction of pictorial symbols in 6- to 18-month-old infants},
  author={Callaghan, Tara C. and Rochat, Philippe and MacGillivray, Tanya and MacLellan, Catherine},
  journal={Child Development},
  volume={75},
  number={6},
  pages={1733--1744},
  year={2004},
  publisher={Wiley}
}

@article{bosco2006recognition,
  title={Recognition of pretend and real actions in play by 1- and 2-year-olds: Early success and why they fail},
  author={Bosco, Francesca M. and Friedman, Ori and Leslie, Alan M.},
  journal={Cognitive Development},
  volume={21},
  number={1},
  pages={3--10},
  year={2006},
  publisher={Elsevier}
}

@article{browne2001theory,
  title={Theory of mind in children's naming of drawings},
  author={Browne, Cheryl A. and Woolley, Jacqueline D.},
  journal={Journal of Cognition and Development},
  volume={2},
  number={4},
  pages={389--412},
  year={2001},
  publisher={Taylor & Francis}
}

@article{bluestein1979developmental,
  title={Developmental changes in map-reading skills},
  author={Bluestein, Nancy and Acredolo, Linda},
  journal={Child Development},
  volume={50},
  number={2},
  pages={691--697},
  year={1979},
  publisher={Wiley}
}

@article{behne2005one,
  title={One-year-olds comprehend the communicative intentions behind gestures in a hiding game},
  author={Behne, Tanya and Carpenter, Malinda and Tomasello, Michael},
  journal={Developmental Science},
  volume={8},
  number={6},
  pages={492--499},
  year={2005},
  publisher={Wiley}
}

@article{behne2012twelve,
  title={Twelve-month-olds' comprehension and production of pointing},
  author={Behne, Tanya and Liszkowski, Ulf and Carpenter, Malinda and Tomasello, Michael},
  journal={British Journal of Developmental Psychology},
  volume={30},
  number={3},
  pages={359--375},
  year={2012},
  publisher={Wiley}
}


@article{barr2010transfer,
  title={Transfer of learning between 2D and 3D sources during infancy: Informing theory and practice},
  author={Barr, Rachel},
  journal={Developmental Review},
  volume={30},
  number={2},
  pages={128--154},
  year={2010},
  publisher={Elsevier}
}

@manual{bates2010lme4,
  title={lme4: Mixed-effects modeling with R},
  author={Bates, Douglas M.},
  year={2010},
  note={R package},
  url={https://cran.r-project.org/package=lme4}
}

@manual{bates2014lme4,
  title={lme4: Linear mixed-effects models using Eigen and S4},
  author={Bates, Douglas and Maechler, Martin and Bolker, Ben and Walker, Steve},
  year={2014},
  note={R package version 1.7},
  url={https://cran.r-project.org/package=lme4}
}

@article{bloom1998intention,
  title={Intention and analogy in children's naming of pictorial representations},
  author={Bloom, Paul and Markson, Lori},
  journal={Psychological Science},
  volume={9},
  number={3},
  pages={200--204},
  year={1998},
  publisher={SAGE Publications}
}

@book{bronfenbrenner1979ecology,
  title={The Ecology of Human Development: Experiments by Nature and Design},
  author={Bronfenbrenner, Urie},
  year={1979},
  publisher={Harvard University Press}
}

@book{bruner1996culture,
  title={The Culture of Education},
  author={Bruner, Jerome S.},
  year={1996},
  publisher={Harvard University Press}
}

@article{callaghan2015development,
  title={The Development of Symbolic Representation},
  author={Callaghan, Tara and Corbit, John},
  booktitle={Handbook of Child Psychology and Developmental Science},
  editor={Lerner, Richard M.},
  year={2015},
  publisher={Wiley},
  doi={10.1002/9781118963418.childpsy207}
}

@article{callaghan1999early,
  title={Early understanding and production of graphic symbols},
  author={Callaghan, Tara C.},
  journal={Child Development},
  volume={70},
  number={6},
  pages={1314--1324},
  year={1999},
  publisher={Wiley}
}

@article{callaghan2000factors,
  title={Factors affecting children's graphic symbol use in the third year: Language, similarity, and iconicity},
  author={Callaghan, Tara C.},
  journal={Cognitive Development},
  volume={15},
  number={2},
  pages={185--214},
  year={2000},
  publisher={Elsevier}
}

@article{callaghan2012young,
  title={Young children's knowledge of the representational function of pictorial symbols: Development across the preschool years in three cultures},
  author={Callaghan, Tara C. and Rochat, Philippe and Corbit, John},
  journal={Journal of Cognition and Development},
  volume={13},
  number={3},
  pages={320--353},
  year={2012},
  publisher={Taylor & Francis}
}

@book{dehaene2009reading,
  title={Reading in the Brain: The New Science of How We Read},
  author={Dehaene, Stanislas},
  year={2009},
  publisher={Penguin}
}

@article{deloache2004becoming,
  title={Becoming symbol-minded},
  author={DeLoache, Judy S.},
  journal={Trends in Cognitive Sciences},
  volume={8},
  number={2},
  pages={66--70},
  year={2004},
  publisher={Elsevier}
}

@incollection{deloache2007early,
  title={Early Development of the Understanding and Use of Symbolic Artifacts},
  author={DeLoache, Judy S.},
  booktitle={Blackwell Handbook of Childhood Cognitive Development},
  editor={Goswami, Usha},
  pages={206--226},
  year={2007},
  publisher={Blackwell},
  doi={10.1002/9780470996652.ch10}
}

@article{deloache1995early,
  title={Early understanding and use of symbols: the model model},
  author={DeLoache, Judy S.},
  journal={Current Directions in Psychological Science},
  volume={4},
  pages={109--113},
  year={1995},
  publisher={SAGE Publications}
}

@book{donald2001mind,
  title={A Mind So Rare: The Evolution of Human Consciousness},
  author={Donald, Merlin},
  year={2001},
  publisher={WW Norton & Company}
}

@book{donald1991origins,
  title={Origins of the Modern Mind: Three Stages in the Evolution of Culture and Cognition},
  author={Donald, Merlin},
  year={1991},
  publisher={Harvard University Press}
}

@article{frank2016using,
  title={Using tablets to collect data from young children},
  author={Frank, Michael C. and Sugarman, Erin and Horowitz, Alexandra C. and Lewis, Molly L. and Yurovsky, Daniel},
  journal={Journal of Cognition and Development},
  volume={17},
  number={1},
  pages={1--17},
  year={2016},
  publisher={Taylor & Francis}
}

@article{frank2017collaborative,
  title={A Collaborative Approach to Infant Research: Promoting Reproducibility, Best Practices, and Theory-Building},
  author={Frank, Michael C. and Bergelson, Elika and Bergmann, Christina and Cristia, Alejandrina and Floccia, Caroline and Gervain, Judit and Yurovsky, Daniel},
  journal={Infancy},
  volume={22},
  number={4},
  pages={421--435},
  year={2017},
  publisher={Wiley},
  doi={10.1111/infa.12182}
}

@article{foster2017open,
  title={Open science framework (OSF)},
  author={Foster, Erin D. and Deardorff, Ariel},
  journal={Journal of the Medical Library Association: JMLA},
  volume={105},
  number={2},
  pages={203},
  year={2017},
  publisher={Medical Library Association}
}

@article{gelman1998shape,
  title={Shape and representational status in children's early naming},
  author={Gelman, Susan A. and Ebeling, Katherine S.},
  journal={Cognition},
  volume={66},
  number={2},
  pages={B35--B47},
  year={1998},
  publisher={Elsevier}
}

@article{green2016simr,
  title={SIMR: an R package for power analysis of generalized linear mixed models by simulation},
  author={Green, Peter and MacLeod, C. J.},
  journal={Methods in Ecology and Evolution},
  volume={7},
  number={4},
  pages={493--498},
  year={2016},
  publisher={Wiley}
}

@article{grove1990makaton,
  title={The Makaton Vocabulary: Using manual signs and graphic symbols to develop interpersonal communication},
  author={Grove, Nicola and Walker, Margaret},
  journal={Augmentative and Alternative Communication},
  volume={6},
  number={1},
  pages={15--28},
  year={1990},
  publisher={Taylor & Francis}
}


@article{bohn2023individual,
  title={An individual differences perspective on pragmatic abilities in the preschool years},
  author={Bohn, Manuel and Tessler, Michael Henry and Kordt, Clara and Hausmann, Tanja and Frank, Michael C},
  journal={Developmental Science},
  volume={26},
  number={6},
  pages={e13401},
  year={2023},
  publisher={Wiley}
}

@article{bohn2022predicting,
  title={Predicting pragmatic cue integration in adults’ and children’s inferences about novel word meanings},
  author={Bohn, Manuel and Tessler, Michael Henry and Merrick, Megan and Frank, Michael C},
  journal={Journal of Experimental Psychology: General},
  volume={151},
  number={11},
  pages={2927--2942},
  year={2022},
  publisher={American Psychological Association}
}

@article{bohn2021how,
  title={How young children integrate information sources to infer the meaning of words},
  author={Bohn, Manuel and Tessler, Michael Henry and Merrick, Megan and Frank, Michael C},
  journal={Nature Human Behaviour},
  volume={5},
  number={8},
  pages={1046--1054},
  year={2021},
  publisher={Nature Publishing Group}
}

@incollection{callaghan2015symbolic,
  title={The development of symbolic representation},
  author={Callaghan, Tara and Corbit, John},
  booktitle={Handbook of child psychology and developmental science: Cognitive processes},
  pages={250--295},
  year={2015},
  publisher={Wiley}
}

@article{hermes2018making,
  title={Making sense of conflicting information: A touchscreen paradigm to measure young children's selective trust},
  author={Hermes, Johanna and Rakoczy, Hannes and Behne, Tanya},
  journal={Infant and Child Development},
  pages={e2119},
  year={2018},
  publisher={Wiley}
}

@article{kroupin2022relational,
  title={You cannot find what you are not looking for: Population differences in relational reasoning are sometimes differences in inductive biases alone},
  author={Kroupin, Igor G and Carey, Susan E},
  journal={Cognition},
  volume={222},
  pages={105007},
  year={2022},
  publisher={Elsevier}
}

@article{senju2004reflexive,
  title={Reflexive orienting in response to eye gaze and an arrow in children with and without autism},
  author={Senju, Atsushi and Tojo, Yuki and Dairoku, Hirotoshi and Hasegawa, Toshikatsu},
  journal={Journal of Child Psychology and Psychiatry},
  volume={45},
  number={3},
  pages={445--458},
  year={2004},
  doi={10.1111/j.1469-7610.2004.00236.x},
  publisher={Wiley}
}

@article{tomasello1997comprehension,
  title={Comprehension of novel communicative signs by apes and human children},
  author={Tomasello, Michael and Call, Josep and Gluckman, Amanda},
  journal={Child Development},
  volume={68},
  number={6},
  pages={1067--1080},
  year={1997},
  publisher={Wiley}
}

@book{wittgenstein2009philosophical,
  title={Philosophical investigations},
  author={Wittgenstein, Ludwig},
  year={2009},
  publisher={John Wiley \& Sons}
}

@book{mcelreath2018statistical,
  title={Statistical rethinking: A Bayesian course with examples in R and Stan},
  author={McElreath, Richard},
  year={2018},
  publisher={Chapman and Hall/CRC}
}


@article{burkner2017brms,
  title={brms: An R package for Bayesian multilevel models using Stan},
  author={B{\"u}rkner, Paul-Christian},
  journal={Journal of statistical software},
  volume={80},
  pages={1--28},
  year={2017}
}

@article{sivula2020uncertainty,
  title={Uncertainty in Bayesian leave-one-out cross-validation based model comparison},
  author={Sivula, Tuomas and Magnusson, M{\aa}ns and Matamoros, Asael Alonzo and Vehtari, Aki},
  journal={arXiv preprint arXiv:2008.10296},
  year={2020}
}

@article{bohn2019young,
  title={Young children spontaneously recreate core properties of language in a new modality},
  author={Bohn, Manuel and Kachel, Gregor and Tomasello, Michael},
  journal={Proceedings of the National Academy of Sciences},
  volume={116},
  number={51},
  pages={26072--26077},
  year={2019},
  publisher={National Acad Sciences}
}

@article{simmons201221,
  title={A 21 word solution},
  author={Simmons, Joseph P and Nelson, Leif D and Simonsohn, Uri},
  journal={Available at SSRN 2160588},
  year={2012}
}


@Manual{R-base,
  title = {R: A Language and Environment for Statistical Computing},
  author = {{R Core Team}},
  organization = {R Foundation for Statistical Computing},
  address = {Vienna, Austria},
  year = {2023},
  url = {https://www.R-project.org/},
}
@Manual{R-papaja,
  title = {{papaja}: {Prepare} reproducible {APA} journal articles with {R Markdown}},
  author = {Frederik Aust and Marius Barth},
  year = {2024},
  note = {R package version 0.1.3},
  url = {https://github.com/crsh/papaja},
  doi = {10.32614/CRAN.package.papaja},
}
@Manual{R-tinylabels,
  title = {{tinylabels}: Lightweight Variable Labels},
  author = {Marius Barth},
  year = {2023},
  note = {R package version 0.2.4},
  url = {https://cran.r-project.org/package=tinylabels},
}
@Article{R-brms_a,
  title = {{brms}: An {R} Package for {Bayesian} Multilevel Models Using {Stan}},
  author = {Paul-Christian Bürkner},
  journal = {Journal of Statistical Software},
  year = {2017},
  volume = {80},
  number = {1},
  pages = {1--28},
  doi = {10.18637/jss.v080.i01},
  encoding = {UTF-8},
}
@Article{R-brms_b,
  title = {Advanced {Bayesian} Multilevel Modeling with the {R} Package {brms}},
  author = {Paul-Christian Bürkner},
  journal = {The R Journal},
  year = {2018},
  volume = {10},
  number = {1},
  pages = {395--411},
  doi = {10.32614/RJ-2018-017},
  encoding = {UTF-8},
}
@Article{R-brms_c,
  title = {Bayesian Item Response Modeling in {R} with {brms} and {Stan}},
  author = {Paul-Christian Bürkner},
  journal = {Journal of Statistical Software},
  year = {2021},
  volume = {100},
  number = {5},
  pages = {1--54},
  doi = {10.18637/jss.v100.i05},
  encoding = {UTF-8},
}
@Manual{R-dplyr,
  title = {dplyr: A Grammar of Data Manipulation},
  author = {Hadley Wickham and Romain François and Lionel Henry and Kirill Müller and Davis Vaughan},
  year = {2023},
  note = {R package version 1.1.4},
  url = {https://CRAN.R-project.org/package=dplyr},
}
@Manual{R-forcats,
  title = {forcats: Tools for Working with Categorical Variables (Factors)},
  author = {Hadley Wickham},
  year = {2023},
  note = {R package version 1.0.0},
  url = {https://CRAN.R-project.org/package=forcats},
}
@Book{R-ggplot2,
  author = {Hadley Wickham},
  title = {ggplot2: Elegant Graphics for Data Analysis},
  publisher = {Springer-Verlag New York},
  year = {2016},
  isbn = {978-3-319-24277-4},
  url = {https://ggplot2.tidyverse.org},
}
@Manual{R-ggthemes,
  title = {ggthemes: Extra Themes, Scales and Geoms for 'ggplot2'},
  author = {Jeffrey B. Arnold},
  year = {2024},
  note = {R package version 5.1.0},
  url = {https://CRAN.R-project.org/package=ggthemes},
}
@Manual{R-HDInterval,
  title = {HDInterval: Highest (Posterior) Density Intervals},
  author = {Mike Meredith and John Kruschke},
  year = {2022},
  note = {R package version 0.2.4},
  url = {https://CRAN.R-project.org/package=HDInterval},
}
@Manual{R-kableExtra,
  title = {kableExtra: Construct Complex Table with 'kable' and Pipe Syntax},
  author = {Hao Zhu},
  year = {2024},
  note = {R package version 1.4.0},
  url = {https://CRAN.R-project.org/package=kableExtra},
}
@Book{R-knitr,
  title = {Dynamic Documents with {R} and knitr},
  author = {Yihui Xie},
  publisher = {Chapman and Hall/CRC},
  address = {Boca Raton, Florida},
  year = {2015},
  edition = {2nd},
  note = {ISBN 978-1498716963},
  url = {https://yihui.org/knitr/},
}
@Article{R-lme4,
  title = {Fitting Linear Mixed-Effects Models Using {lme4}},
  author = {Douglas Bates and Martin M{\"a}chler and Ben Bolker and Steve Walker},
  journal = {Journal of Statistical Software},
  year = {2015},
  volume = {67},
  number = {1},
  pages = {1--48},
  doi = {10.18637/jss.v067.i01},
}
@Manual{R-lsr,
  title = {Learning statistics with R: A tutorial for psychology students and other beginners. (Version 0.6)},
  author = {Danielle Navarro},
  organization = {University of New South Wales},
  address = {Sydney, Australia},
  year = {2015},
  note = {R package version 0.5.1},
  url = {https://learningstatisticswithr.com},
}
@Article{R-lubridate,
  title = {Dates and Times Made Easy with {lubridate}},
  author = {Garrett Grolemund and Hadley Wickham},
  journal = {Journal of Statistical Software},
  year = {2011},
  volume = {40},
  number = {3},
  pages = {1--25},
  url = {https://www.jstatsoft.org/v40/i03/},
}
@Manual{R-Matrix,
  title = {Matrix: Sparse and Dense Matrix Classes and Methods},
  author = {Douglas Bates and Martin Maechler and Mikael Jagan},
  year = {2025},
  note = {R package version 1.7-2},
  url = {https://CRAN.R-project.org/package=Matrix},
}
@Manual{R-purrr,
  title = {purrr: Functional Programming Tools},
  author = {Hadley Wickham and Lionel Henry},
  year = {2025},
  note = {R package version 1.0.4},
  url = {https://CRAN.R-project.org/package=purrr},
}
@Article{R-Rcpp_a,
  title = {{Rcpp}: Seamless {R} and {C++} Integration},
  author = {Dirk Eddelbuettel and Romain Fran\c{c}ois},
  journal = {Journal of Statistical Software},
  year = {2011},
  volume = {40},
  number = {8},
  pages = {1--18},
  doi = {10.18637/jss.v040.i08},
}
@Article{R-Rcpp_b,
  title = {{Extending {R} with {C++}: A Brief Introduction to {Rcpp}}},
  author = {Dirk Eddelbuettel and James Joseph Balamuta},
  journal = {The American Statistician},
  year = {2018},
  volume = {72},
  number = {1},
  pages = {28-36},
  doi = {10.1080/00031305.2017.1375990},
}
@Manual{R-readr,
  title = {readr: Read Rectangular Text Data},
  author = {Hadley Wickham and Jim Hester and Jennifer Bryan},
  year = {2024},
  note = {R package version 2.1.5},
  url = {https://CRAN.R-project.org/package=readr},
}
@Manual{R-scales,
  title = {scales: Scale Functions for Visualization},
  author = {Hadley Wickham and Thomas Lin Pedersen and Dana Seidel},
  year = {2023},
  note = {R package version 1.3.0},
  url = {https://CRAN.R-project.org/package=scales},
}
@Manual{R-stringr,
  title = {stringr: Simple, Consistent Wrappers for Common String Operations},
  author = {Hadley Wickham},
  year = {2023},
  note = {R package version 1.5.1},
  url = {https://CRAN.R-project.org/package=stringr},
}
@Manual{R-tibble,
  title = {tibble: Simple Data Frames},
  author = {Kirill Müller and Hadley Wickham},
  year = {2023},
  note = {R package version 3.2.1},
  url = {https://CRAN.R-project.org/package=tibble},
}
@Manual{R-tidybayes,
  title = {{tidybayes}: Tidy Data and Geoms for {Bayesian} Models},
  author = {Matthew Kay},
  year = {2024},
  note = {R package version 3.0.7},
  url = {http://mjskay.github.io/tidybayes/},
  doi = {10.5281/zenodo.1308151},
}
@Manual{R-tidyr,
  title = {tidyr: Tidy Messy Data},
  author = {Hadley Wickham and Davis Vaughan and Maximilian Girlich},
  year = {2024},
  note = {R package version 1.3.1},
  url = {https://CRAN.R-project.org/package=tidyr},
}
@Article{R-tidyverse,
  title = {Welcome to the {tidyverse}},
  author = {Hadley Wickham and Mara Averick and Jennifer Bryan and Winston Chang and Lucy D'Agostino McGowan and Romain François and Garrett Grolemund and Alex Hayes and Lionel Henry and Jim Hester and Max Kuhn and Thomas Lin Pedersen and Evan Miller and Stephan Milton Bache and Kirill Müller and Jeroen Ooms and David Robinson and Dana Paige Seidel and Vitalie Spinu and Kohske Takahashi and Davis Vaughan and Claus Wilke and Kara Woo and Hiroaki Yutani},
  year = {2019},
  journal = {Journal of Open Source Software},
  volume = {4},
  number = {43},
  pages = {1686},
  doi = {10.21105/joss.01686},
}











@Article{R-posterior_a,
  title = {Rank-normalization, folding, and localization: An improved Rhat
for assessing convergence of MCMC (with discussion)},
  author = {Aki Vehtari and Andrew Gelman and Daniel Simpson and Bob Carpenter and Paul-Christian Bürkner},
  journal = {Bayesian Analysis},
  year = {2021},
  volume = {16},
  number = {2},
  pages = {667-718},
}
@Article{R-posterior_b,
  title = {Nested Rhat: Assessing the convergence of Markov chain Monte Carlo when running many short chains},
  author = {Charles C. Margossian and Matthew D. Hoffman and Pavel Sountsov and Lionel Riou-Durand and Aki Vehtari and Andrew Gelman},
  journal = {Bayesian Analysis},
  year = {2024},
  doi = {10.1214/24-BA1453},
}
@Article{R-posterior_c,
  title = {Rstar: A robust MCMC convergence diagnostic with uncertainty using decision tree classifiers},
  author = {Ben Lambert and Aki Vehtari},
  journal = {Bayesian Analysis},
  year = {2022},
  volume = {17},
  number = {2},
  pages = {353-379},
  doi = {10.1214/20-BA1252},
}
@Article{R-posterior_d,
  title = {Pareto smoothed importance sampling},
  author = {Aki Vehtari and Daniel Simpson and Andrew Gelman and Yuling Yao and Jonah Gabry},
  journal = {Journal of Machine Learning Research},
  year = {2024},
  volume = {25},
  number = {72},
  pages = {1-58},
}
@Manual{R-patchwork,
  title = {patchwork: The Composer of Plots},
  author = {Thomas Lin Pedersen},
  year = {2024},
  note = {R package version 1.3.0},
  url = {https://CRAN.R-project.org/package=patchwork},
}
@Article{R-jsonlite,
  title = {The jsonlite Package: A Practical and Consistent Mapping Between JSON Data and R Objects},
  author = {Jeroen Ooms},
  journal = {arXiv:1403.2805 [stat.CO]},
  year = {2014},
  url = {https://arxiv.org/abs/1403.2805},
}
@Manual{R-readxl,
  title = {readxl: Read Excel Files},
  author = {Hadley Wickham and Jennifer Bryan},
  year = {2025},
  note = {R package version 1.4.4},
  url = {https://CRAN.R-project.org/package=readxl},
}
@Manual{R-flextable,
  title = {flextable: Functions for Tabular Reporting},
  author = {David Gohel and Panagiotis Skintzos},
  year = {2024},
  note = {R package version 0.9.7},
  url = {https://CRAN.R-project.org/package=flextable},
}
@Manual{R-ggimage,
  title = {ggimage: Use Image in 'ggplot2'},
  author = {Guangchuang Yu},
  year = {2023},
  note = {R package version 0.3.3},
  url = {https://CRAN.R-project.org/package=ggimage},
}
@Manual{R-ggplotify,
  title = {ggplotify: Convert Plot to 'grob' or 'ggplot' Object},
  author = {Guangchuang Yu},
  year = {2023},
  note = {R package version 0.1.2},
  url = {https://CRAN.R-project.org/package=ggplotify},
}
@Manual{R-gridExtra,
  title = {gridExtra: Miscellaneous Functions for "Grid" Graphics},
  author = {Baptiste Auguie},
  year = {2017},
  note = {R package version 2.3},
  url = {https://CRAN.R-project.org/package=gridExtra},
}
@Manual{R-magick,
  title = {magick: Advanced Graphics and Image-Processing in R},
  author = {Jeroen Ooms},
  year = {2025},
  note = {R package version 2.8.6},
  url = {https://CRAN.R-project.org/package=magick},
}
@Manual{R-png,
  title = {png: Read and write PNG images},
  author = {Simon Urbanek},
  year = {2022},
  note = {R package version 0.1-8},
  url = {https://CRAN.R-project.org/package=png},
}
@Manual{R-rsvg,
  title = {rsvg: Render SVG Images into PDF, PNG, (Encapsulated) PostScript, or
Bitmap Arrays},
  author = {Jeroen Ooms},
  year = {2025},
  note = {R package version 2.6.2},
  url = {https://CRAN.R-project.org/package=rsvg},
}
@Manual{R-cowplot,
  title = {cowplot: Streamlined Plot Theme and Plot Annotations for 'ggplot2'},
  author = {Claus O. Wilke},
  year = {2024},
  note = {R package version 1.1.3},
  url = {https://CRAN.R-project.org/package=cowplot},
}
@Manual{R-ggpp,
  title = {ggpp: Grammar Extensions to 'ggplot2'},
  author = {Pedro J. Aphalo},
  year = {2024},
  note = {R package version 0.5.8-1},
  url = {https://CRAN.R-project.org/package=ggpp},
}
